@inproceedings{lesk:1977,
  title={Computer Typesetting of Technical Journals on {UNIX}},
  author={Michael Lesk and Brian Kernighan},
  booktitle={Proceedings of American Federation of
             Information Processing Societies: 1977
             National Computer Conference},
  pages={879--888},
  year={1977},
  address={Dallas, Texas}
}

@misc{datacloudToolbox,
  author       = {DataCloud},
  howpublished = {Online},
  title        = {DataCloud Toolbox},
  year         = {2022},
  note         = {Available at \url{https://datacloud-project.github.io/toolbox}},
}

@misc{datacloudAbout,
  author       = {DataCloud},
  howpublished = {Online},
  title        = {About the Project},
  year         = {2022},
  note         = {Available at \url{https://datacloudproject.eu/project/about-the-project}},
}